@online{Bluetooth_4.1,
	author = {Bluetooth SIG},
	title = {Bluetooth},
	year = {2016},
	url = {https://www.bluetooth.com/what-is-bluetooth-technology/bluetooth},
	urldate = {06.04.2016}
}

@book{Bluetooth_4.2,
	author = {Andrew S. Tanenbaum, David J. Wetherall},
	title = {Computernetzwerke},
	year = {2012},
	isbn = {978-3-86894-137-1},
}

@online{Bluetooth_4.3,
	author = {unbekannt},
	year = {2014},
	url = {http://i.stack.imgur.com/K6RZw.png},
	urldate = {06.04.2016},
}

@online{Bluetooth_4.4,
	author = {Unbekannt},
	title = {Bluetooth Special Interest Group},
	year = {2015},
	url = {https://de.wikipedia.org/wiki/Bluetooth_Special_Interest_Group},
	urldate = {06.04.2016},
}

@online{Bluetooth_4.5,
	author = {Charles Hodgdon}, 
	title = {Adaptive Frequency Hopping for Reduced Interference between BluetoothÂ® and Wireless LAN}, 
	year = {2013},
	url = {http://www.design-reuse.com/articles/5715/adaptive-frequency-hopping-for-reduced-interference-between-bluetooth-and-wireless-lan.html},
	urldate = {06.04.2016},
}

@online{Bluetooth_4.6,
	author = {Unbekannt},
	title = {Bluetooth Low Energy / Bluetooth Smart (4.0 / 4.1 / 4.2)},
	year = {unbekannt},
	url = {http://www.elektronik-kompendium.de/sites/kom/1805171.htm},
	urldate = {06.04.2016},
}

}

