@online{c-netz.1,
	author = {Stefan Ebers und Michael Weber},
	title = {Das C Netz in der Mobilfunk Geschichte},
	year = {Unbekannt},
	url = {http://www.mobilfunk-geschichte.de/c-netz.html},
	urldate = {17.04.2016},
}

@online{c-netz.2,
	author = {Unbekannt}, 
	title = {MobiltelefonC1}, 
	year = {2015},
	url = {http://www.funkschau.de/uploads/media_uploads/images/1379946469-101-soicm20031846300dpi628x353.jpg},
	urldate = {17.04.2016},
}

@online{c-netz.3,
	author = {Wikipedia}, 
	title = {C-Netz}, 
	year = {2015},
	url = {https://de.wikipedia.org/wiki/C-Netz},
	urldate = {17.04.2016},
}

@online{c-netz.4,
	author = {Unbekannt}, 
	title = {C-Netz Logo}, 
	year = {Unbekannt},
	url = {https://upload.wikimedia.org/wikipedia/commons/thumb/a/ae/C-Netz_Logo.svg/2000px-C-Netz_Logo.svg.png},
	urldate = {17.04.2016},
}

@online{c-netz.5,
	author = {Stephan Hessberger},
	title = {C-Netz - Telefone},
	year = {Unbekannt},
	url = {http://www.oebl.de/C-Netz/Geraete/Geraete.html},
	urldate = {17.04.2016},
}

@online{c-netz.6,
	author = {Volker Sch√§fer},
	title = {Analoges C-Tel-Netz wird abgeschaltet},
	year = {2000},
	url = {http://www.teltarif.de/arch/2000/kw52/s3960.html},
	urldate = {17.04.2016},
}

@online{c-netz.7,
	author = {Stefan Ebers und Michael Weber},
	title = {Mobilfunk Geschichte},
	year = {Unbekannt},
	url = {http://www.mobilfunk-geschichte.de/},
	urldate = {17.04.2016},
}

@online{c-netz.8,
	author = {Unbekannt}, 
	title = {SiemensC1}, 
	year = {Unbekannt},
	url = {http://www.compurama-radolfzell.de/sites/galerie/Telefone/slides/Handy%20Siemens%20S24858-H1014-A10-02%20%20C1-Band.jpg},
	urldate = {17.04.2016},
}

@misc{c-netz.9,
	author = {Unbekannt}, 
	title = {Zeitstrahl A-Netz bis LTE}, 
	year = {Unbekannt},
	url = {https://upload.wikimedia.org/wikipedia/de/timeline/c65e58b188f662aed6f3a5091f25f18f.png},
	urldate = {17.04.2016},
}