@online{DNetz.1,
	author = {Jannik Degner},
	title = {D-Netz Qualität: Was ist das eigentlich?},
	year = {2016},
	url = {http://www.allnetflats-in-deutschland.de/ratgeber/was-ist-beste-d-netz-qualitaet},
	urldate = {2016-04-15},
}


@book{DNetz.2,
	author = {Otfried Georgt},
	title = {Telekommunikationstechnik: Eine praxisbezogene Einführung},
	year = 1996,
	isbn = {978-3-540-61381-7},
}


@book{DNetz.3,
	author = {Karl-Ludwig Plank, Firoz Kaderali},
	title = {Informations- und Kommunikationstechniken: Entwicklungstrends und Nutzungspotenziale},
	year = 1993,
	isbn = {978-3-528-06573-7},
}

@misc {DNetz.4,
	author = {Petra Fakler},
	title = {Moderne analytische und diskret-mathematische Methoden, angewendet auf Probleme der Kanalvergabe in Mobilfunknetzen},
	year = {2000},
	note = {Examensarbeit an der TU Darmstadt},
}

@online{DNetz.5,
	author = {Unbekannt},
	title = {Telekom Netzausbau GSM},
	year = {2016},
	url = {https://www.t-mobile.de/netzausbau/0,,15400-_,00.html?wt_mc=ac_zm_473507:160333:869050:4338580},
	urldate = {2016-04-15},
}

@online{DNetz.6,
	author = {Unbekannt},
	title = {Vodavon Netzausbau GSM},
	year = {2016},
	url = {http://www.vodafone.de/privat/hilfe-support/netzabdeckung.html},
	urldate = {2016-04-15},
}

@online{DNetz.7,
	author = {Unbekannt},
	title = {GMSK(gaussian minimum shift keying)},
	year = {Unbekannt},
	url = {http://www.itwissen.info/definition/lexikon/gaussian-minimum-shift-keying-GMSK-GMSK-Modulation.html},
	urldate = {2016-05-17},
}

@online{DNetz.8,
	author = {Unbekannt},
	title = {VLR (visitor location register)},
	year = {Unbekannt},
	url = {http://www.itwissen.info/definition/lexikon/visitor-location-register-VLR-Besucherverzeichnis.html},
	urldate = {2016-05-17},
}

@online{DNetz.9,
	author = {Unbekannt},
	title = {Standortverzeichnis},
	year = {Unbekannt},
	url = {http://www.itwissen.info/definition/lexikon/Standortverzeichnis-HLR-home-location-register.html},
	urldate = {2016-05-17},
}

@online{DNetz.10,
	author = {Unbekannt},
	title = {Gerätedatenbank},
	year = {Unbekannt},
	url = {http://www.itwissen.info/definition/lexikon/Geraetedatenbank-EIR-equipment-identity-register.html},
	urldate = {2016-05-16},
}

@online{DNetz.11,
	author = {Diverse},
	title = {International Mobile Equipment Identity},
	year = {2016},
	url = {https://de.wikipedia.org/wiki/International_Mobile_Equipment_Identity},
	urldate = {2016-05-17},
}
