@online{vorlage.1,
	author = {Jannik Degner},
	title = {D-Netz Qualität: Was ist das eigentlich?},
	year = {2016},
	url = {http://www.allnetflats-in-deutschland.de/ratgeber/was-ist-beste-d-netz-qualitaet},
	urldate = {15.04.2016},
}


@book{vorlage.2,
	author = {Otfried Georgt},
	title = {Telekommunikationstechnik: Eine praxisbezogene Einführung},
	year = 1996,
	isbn = {978-3-540-61381-7},
}


@book{vorlage.3,
	author = {Karl-Ludwig Plank, Firoz Kaderali},
	title = {Informations- und Kommunikationstechniken: Entwicklungstrends und Nutzungspotenziale},
	year = 1993,
	isbn = {978-3-528-06573-7},
}

@misc {vorlage.4,
	author = {Petra Fakler},
	title = {Moderne analytische und diskret-mathematische Methoden, angewendet auf Probleme der Kanalvergabe in Mobilfunknetzen},
	year = {2000},
	note = {Examensarbeit an der TU Darmstadt},
}

@online{vorlage.5,
	author = {Unbekannt},
	title = {Telekom Netzausbau GSM},
	year = {2016},
	url = {https://www.t-mobile.de/netzausbau/0,,15400-_,00.html?wt_mc=ac_zm_473507:160333:869050:4338580},
	urldate = {15.04.2016},
}

@online{vorlage.6,
	author = {Unbekannt},
	title = {Vodavon Netzausbau GSM},
	year = {2016},
	url = {http://www.vodafone.de/privat/hilfe-support/netzabdeckung.html},
	urldate = {15.04.2016},
}