@online{sigfox.1,
	author = {Unbekannt},
	title = {Sigfox},
	year = {2016},
	url = {https://en.wikipedia.org/wiki/Sigfox},
	urldate = {2016-05-18},
}

@online{sigfox.2,
	author = {Colin Neagle},
	title = {How Sigfox plans to spread its low-power IoT network across the U.S.},
	year = {2016},
	url = {http://www.networkworld.com/article/3029253/internet-of-things/how-sigfox-plans-to-spread-its-low-power-iot-network-across-the-u-s.html},
	urldate = {2016-05-18},
}

@online{sigfox.3,
	author = {Melissa Merencillo},
	title = {Sigfox Prezi},
	year = {2016},
	url = {https://prezi.com/m4kjjfehyurp/sigfox/},
	urldate = {2016-05-18},
}

@online{sigfox.4,
	author = {ian Poole},
	title = {Internet of Things},
	year = {2016},
	url = {http://www.radio-electronics.com/info/wireless/sigfox/basics-tutorial.php},
	urldate = {2016-05-18},
}

@online{sigfox.5,
	author = {Unbekannt},
	title = {Arqiva},
	year = {2016},
	url = {http://www.arqiva.com/overviews/internet-of-things/internet-of-things-network/},
	urldate = {2016-05-18},
}

@online{sigfox.6,
	author = {Harold R.Walker},
	title = {Ultra Narrowband Modulation},
	year = {2003},
	url = {http://mwrf.com/markets/understanding-ultra-narrowband-modulation},
	urldate = {2016-05-18},
}

@online{sigfox.7,
	author = {Unbekannt},
	title = {Long Range RF Communication},
	year = {2014},
	url = {http://www.ti.com/lit/wp/swry006/swry006.pdf?DCMP=longrange&HQS=ep-wcs-lprf-longrange-conw-20151204-whip-narrwoband-wwe},
	urldate = {2016-05-18},
}
