%% This BibTeX bibliography file was created using BibDesk.
%% http://bibdesk.sourceforge.net/

%% Created for Sebastian Lember at 2016-05-20 16:58:15 +0200 


%% Saved with string encoding Unicode (UTF-8) 



@online{zwave.2,
	Author = {Unbekannt},
	Date-Added = {2016-05-20 14:57:22 +0000},
	Date-Modified = {2016-05-20 14:58:09 +0000},
	Title = {Aus der deutschsprachigen Wikipedia},
	Url = {https://de.wikipedia.org/wiki/Z-Wave#Z-Wave_Allianz},
	Urldate = {2016-05-20},
	Year = {2016},
	Bdsk-Url-1 = {https://bewerber.dhbw-mannheim.de/images/966a49a.jpg?201505211620}}

@online{zwave.1,
	Author = {Unbekannt},
	Date-Modified = {2016-05-20 14:55:03 +0000},
	Title = {Vermaschung Z-Wave Netz},
	Url = {http://www.lw.blumenweg.com/node/54},
	Urldate = {2016-05-20},
	Year = {2016},
	Bdsk-Url-1 = {https://bewerber.dhbw-mannheim.de/images/966a49a.jpg?201505211620}}
