@online{I1,
	author = {Patrick Schnabel},
	title = {Iridium},
	year = {2016},
	url = {http://www.elektronik-kompendium.de/sites/kom/0311111.htm},
	urldate = {2016-05-18},
}

@online{I2,
	author = {Lars Hessling},
	title = {Satellitentelefon: Iridium - Wirklich weltweit},
	year = {2015},
	url = {http://www.teltarif.de/mobilfunk/satellit/iridium.html},
	urldate = {2016-05-18},
}


@online{I3,
	author = {Stefan Ebers},
	title = {Iridium - System},
	year = {2011 - 2014},
	url = {http://www.satellitentelefon.mobi/iridium-system/},
	urldate={2016-05-18},
}


@online{I4,
	author = {Unbekannt}, 
	title = {Iridium}, 
	url= {https://de.wikipedia.org/wiki/Iridium_%28Kommunikationssystem%29}, 
	urldate = {2016-05-18},
}

@book{I5,
	author= {Martin Meyer},
	title= {Kommunikationstechnik - Konzept der modernen Nachrichtenübertragung},
	year ={1999},
	isbn={978-3-322-93895-4}
	
	
	}
@online{I6,
	author= {Expeditionstechnik Därr GmBH},
	title= {Iridium Satellitentelefone},
    url={https://www.expeditionstechnik.de/iridium/iridium-satellitentelefon.html},
    urldate= {2016-05-18}
}
@online{I7,
author= {Iridium Everywhere},
title= {Iridium Next},
year= {2016},
url={https://www.iridium.com/network/iridiumnext},
urldate={2016-05-18}
}