@online{basics.1,
	author = {Unbekannt},
	title = {Historische Entwicklung},
	year = {2016},
	url = {elektronium-kompendium.de},
	urldate = {2016-03-09},
}

@book{basics.2,
	author = {Andrew S. Tanenbaum, David J. Wetherall},
	title = {Computernetzwerke},
	year = {2012},
	isbn = {3868941371}
}

@book{basics.3,
	author = {Franz-Joachim Kauffels},
	title = {Lokale Netze},
	year = {2008},
	isbn = {3826659619}
}

@book{basics.4,
	author = {Franz-Joachim Kauffels},
	title = {Durchblick im Netz. Fundierter Einstieg in PC-Netze, Netzbetriebssysteme, GroupWare},
	year = {2002},
	isbn = {3826609352}
}

@misc{basics.5,
	author = {Jan Selig},
	title = {IEEE 802.11 Architekturen},
	year = {2016},
}

@online{basics.6,
	author = {Unbekannt},
	title = {Frequenzhopping},
	year = {2015},
	url = {http://goo.gl/k7zcKl},
	urldate = {2016-04-04},
}

@online{basics.7,
	author = {Unbekannt},
	title = {WLAN-Frequenzen und -Kanäle},
	year = {2013},
	url = {http://www.elektronik-kompendium.de/sites/net/1712061.htm},
	urldate = {2016-04-04},
}

@online{basics.8,
	author = {Uwe Hübner},
	title = {Einsatzgebiete von WLANs},
	year = {2003},
	url = {https://vsr.informatik.tu-chemnitz.de/wlan/wozu.htm},
	urldate = {2016-04-07},
}
@online{basics.9,
	author = {Elektronik-Kompendium},
	title = {IEEE 802.11 / WLAN-Grundlagen},
	year = {2016},
	url = {http://www.elektronik-kompendium.de/sites/net/0610051.htm},
	urldate = {2016-05-16},
}
@online{basics.10,
	author = {Spiegel},
	title = {Ende der Störerhaftung: Kann jetzt jeder sein WLAN für alle öffnen?},
	year = {2016},
	url = {http://www.spiegel.de/netzwelt/netzpolitik/wlan-was-bedeutet-das-ende-der-stoererhaftung-a-1091787.html},
	urldate = {2016-05-16},
}
@online{basics.11,
	author = {Elektronik-Kompendium},
	title = {WPS - WiFi Protected Setup},
	year = {2016},
	url = {http://www.elektronik-kompendium.de/sites/net/1801211.htm},
	urldate = {2016-05-16},
}


