@manual{3G.1,
	author = {Birthe Tralau },
	title = {UMTS und HSDPA},
	year = {2006},
	url = {http://yukon.e-technik.tu-ilmenau.de/~webkn/Abschlussarbeiten/Hauptseminararbeiten/hs_tralau.pdf},
}

@online{3G.2,
	author = {Unbekannt},
	title = {Universal Mobile Telecommunications System},
	year = {2016},
	url = {https://de.wikipedia.org/wiki/Universal_Mobile_Telecommunications_System},
}

@online{3G.3,
	author = {Unbekannt},
	title = {High Speed Downlink Packet Access},
	year = {2016},
	url = {https://de.wikipedia.org/wiki/High_Speed_Downlink_Packet_Access},
	
}

@online{3G.4,
author = {Unbekannt},
	title = {UMTS Terrestrial Radio Access Network},
	year = {2016},
	url = {https://de.wikipedia.org/wiki/UMTS_Terrestrial_Radio_Access_Network},
}

@online{3G.5,
author = {Unbekannt},
	title = {UMTS Terrestrial Radio Access Network},
	year = {2016},
	url = {https://de.wikipedia.org/wiki/UMTS_Terrestrial_Radio_Access_Network},
}

@online {3G.6,
author = {Unbekannt},
	
	year = {2016},
	url = {http://www.elektronik-kompendium.de/sites/kom/0910221.htm},
}
@online{3G.7,
author = {Unbekannt},
	
	year = {2016},
	url = http://www.elektronik-kompendium.de/sites/kom/0910221.htm}

