@online{uma.1,
	author = {Andrew G und Joshua},
	title = {Unlicensed Mobile Access},
	year = {2015},
	url = {https://support.t-mobile.com/docs/DOC-5051},
	urldate = {22.04.2016},
}

@online{uma.2,
	author = {Nadeem Unuth}, 
	title = {UMA Explained}, 
	year = {Unbekannt},
	url = {http://voip.about.com/od/mobilevoip/a/UMA.htm},
	urldate = {22.04.2016},
}

@online{uma.3,
	author = {Wikipedia}, 
	title = {Unlicensed Mobile Access}, 
	year = {2015},
	url = {https://de.wikipedia.org/wiki/Unlicensed_Mobile_Access},
	urldate = {22.04.2016},
}

@online{uma.4,
	author = {Unbekannt}, 
	title = {GANC Rolle}, 
	year = {Unbekannt},
	url = {https://www2.informatik.hu-berlin.de/~goeller/isdn/UnlicensedMobileAccess.pdf},
	urldate = {30.04.2016},
}

@online{uma.5,
	author = {Christopher Williams},
	title = {BT Fusion goes Wi-Fi},
	year = {2007},
	url = {http://www.theregister.co.uk/2007/01/08/bt_fusion_wifi/},
	urldate = {01.05.2016},
}

@online{uma.6,
	author = {Telia},
	title = {Home Free},
	year = {2006},
	url = {https://www.telia.dk/privat/produkter/homefree/},
	urldate = {01.05.2016},
}

@online{uma.7,
	author = {Cincinnati Bell},
	title = {CB Home Run Integrates Mobile Phone and Wireless Internet For Improved Indoor Reception},
	year = {2007},
	url = {https://www.cincinnatibell.com/aboutus/news/articles/news.asp?page=20070618.asp},
	urldate = {01.05.2016},
}

@online{uma.8,
	author = {CNW}, 
	title = {Fido's home and mobile calling are now 'UNO' with one phone, one number and one bill}, 
	year = {Unbekannt},
	url = {http://www.newswire.ca/news-releases/fidos-home-and-mobile-calling-are-now-uno-with-one-phone-one-number-and-one-bill-536099981.html},
	urldate = {01.05.2016},
}

@online{uma.9,
	author = {Adam Bender}, 
	title = {Updated: Vodafone eyes Wi-Fi calling for iPhones on iOS 8}, 
	year = {2014},
	url = {http://www.computerworld.com.au/article/546671/updated_vodafone_eyes_wi-fi_calling_iphones_ios_8/},
	urldate = {01.05.2016},
}

@online{uma.10,
	author = {Greg Kumparak}, 
	title = {AT\&T To Get iPhone 6-Friendly Wi-Fi Calling In 2015}, 
	year = {2014},
	url = {http://techcrunch.com/2014/09/12/att-wifi-calling-2015/},
	urldate = {01.05.2016},
}

@online{uma.11,
	author = {Unbekannt}, 
	title = {Verizon Wireless plans to launch Wi-Fi calling}, 
	year = {2014},
	url = {http://www.fiercewireless.com/story/verizon-wireless-plans-launch-wi-fi-calling-mid-2015/2014-09-17},
	urldate = {01.05.2016},
}

@online{uma.12,
	author = {Teltarif.de-Team}, 
	title = {Die Technik von VoIP}, 
	year = {Unbekannt},
	url = {http://www.teltarif.de/voip/technik.html},
	urldate = {07.05.2016},
}

@online{uma.13,
	author = {Wikipedia}, 
	title = {Extensible Authentication Protocol}, 
	year = {Unbekannt},
	url = {https://de.wikipedia.org/wiki/Extensible_Authentication_Protocol},
	urldate = {07.05.2016},
}

@online{uma.14,
	author = {Unbekannt}, 
	year = {Unbekannt},
	url ={http://www.heise.de/ct/imgs/04/2/1/9/5/7/9/a710353668c530d5.jpg},
	urldate = {07.05.2016},
}

@online{uma.15,
	author = {Unbekannt}, 
	title = {Konvergentes Netz: Telefon- und Datennetzwerk vereint},
	year = {Unbekannt},
	url = {http://www.teltarif.de/i/voip-2l.jpg},
	urldate = {07.05.2016},
}

@online{uma.16,
	author = {Skype}, 
	title = {Skype},
	year = {Unbekannt},
	url = {https://www.skype.com/de/},
	urldate = {13.05.2016},
}

@online{uma.17,
	author = {Daniel Keilmann}, 
	title = {UMA Network},
	year = {2016},
	url = {Unbekannt},
	urldate = {13.05.2016},
}
