@manual{G2.1,
	author 		= { J. Eberspächer, H.-J. Vögel, C. Bettstetter und C. Hartmann},
	title 		= {GSM - Architecture, Protocols and Services},
  edition   = 3,
	year 			= {2008},
	publisher = {John Wiley and Sons}, 
	isbn 			= {0470030704}
}

@online{G2.2,
	author = {Unbekannt},
	title = {GSM - Global System for Mobile Communications},
	year = {2016},
	url = {http://www.elektronik-kompendium.de/sites/kom/0910181.htm},
	urldate = {2016-04-06},
}

@online{G2.3,
	author = {Unbekannt},
	title = {GSM},
	year = {2016},
	url = {https://en.wikipedia.org/wiki/GSM},
	urldate = {2016-04-06},
}

@online{G2.4,
	author = {Unbekannt},
	title = {Weltweit mobiles Internet},
	year = {2016},
	url = {http://www.kammerath.net/weltweit-mobiles-internet.html},
	urldate = {2016-04-06},
}

