@online{5g.1,
   author = {Wikipedia},
   title = {5G --- Wikipedia{,} The Free Encyclopedia},
   year = {2016},
   url = {https://en.wikipedia.org/w/index.php?title=5G&oldid=714056174},
	urldate = {2016-04-15}
}

@online{5g.2,
	author = {apfeleimer},
	title = {5G LTE Test: Deutsche Telekom löst Probleme der Zukunft},
	year = {2015},
	url = {https://apfeleimer.de/2015/09/5g-lte-test-deutsche-telekom-loest-probleme-der-zukunft},
	urldate = {2016-04-16}
}

@online{5g.3,
	author = {Bruno Jacobfeuerborn},
	title = {Our definition of 5G - This is 5G},
	year = {2016},
	url = {https://www.telekom.com/5ghaus},
	urldate = {2016-04-16}
}

@online{5g.4,
	author = {Jan-Frederik Timm},
	title = {Telekom und Vodafone sprechen über LTE-Nachfolger},
	year = {2016},
	url = {http://www.computerbase.de/2016-02/5g-mobilfunk-telekom-vodafone/},
	urldate = {2016-04-16}
}

@online{5g.5,
   author = {Wikipedia},
   title = {4G --- Wikipedia{,} The Free Encyclopedia},
   year = {2016},
   url = {https://en.wikipedia.org/wiki/4G},
	urldate = {2016-04-16}
}

@online{5g.6,
   author = {Unbekannt},
   title = {5G: Alles zum LTE-Nachfolger der Zukunft},
   year = {2016},
   url = {http://www.lte-anbieter.info/5g/},
	urldate = {2016-04-16}
}

@article{5g.7,
   author = {Steven Hong; Joel Brand; Jung Il Choi; Mayank Jain; Jeff Mehlman; Sachin Katti; Philip Levis},
   title = {Applications of Self-Interference Cancellation in 5G and Beyond},
   year = {2014},
   journaltitle = {IEEE Communications Magazine},
   url = {http://cms.comsoc.org/SiteGen/Uploads/Public/Docs_TC_5GMWI/Applications_of_Self-Interference.pdf},
	urldate = {2016-04-16}
}

@online{5g.8,
   author = {Unbekannt},
   title = {5G},
   year = {2014},
   url = {http://www.gsmhistory.com/5g/},
	urldate = {2016-04-16}
}

@online{5g.9,
   author = {Russel Ford; Menglei Zhang; Marco Mezzavilla; Sourjya Dutta; Sundeep Rangan; Michele Zorzi},
   title = {Achieving Ultra-Low Latency in
5G Millimeter Wave Cellular Networks},
   year = {2016},
   url = {http://128.84.21.199/pdf/1602.06925.pdf},
	urldate = {2016-04-16}
}

@online{5g.10,
   author = {Huawei Technologies Co.},
   title = {5G Vision: 100 Billion connections, 1 ms Latency, and 10 Gbps Throughput},
   year = {2015},
   url = {http://www.huawei.com/minisite/5g/en/defining-5g.html},
	urldate = {2016-04-16}
}

@online{5g.11,
   author = {Unbekannt},
   title = {The mission and objectives of the CAR 2 CAR Communication Consortium are},
   year = {2016},
   url = {https://www.car-2-car.org/index.php?id=5},
	urldate = {2016-04-16}
}
