@online{Laserlink.1,
	journaltitle = {IT-Portal.org},
	title = {Richtfunk},
	url = {http://www.it-portal.org/netzwerk/richtfunk/richtfunk.html},
}

@online{Laserlink.2,
	journaltitle = {ITWissen},
	title = {Optischer Richtfunk},
	url = {http://www.itwissen.info/definition/lexikon/Freiraum-Uebertragung-FSO-free-space-optics.html},
	
}

@online{Laserlink.3,
	journaltitle = {Academic},
	title = {Laser Link},
	url = {http://de.academic.ru/dic.nsf/dewiki/829951},
}

@online{Laserlink.4,
	journaltitle = {WGS},
	title = {Optischer Richtfunk},
	url = {http://neu.wgs-electronic.net/specials/laser+link/},
	
}

@online{Laserlink.5,
	journaltitle = {Wikipedia}, 
	title = {Optischer Richtfunk}, 
	url = {https://de.wikipedia.org/wiki/Optischer_Richtfunk}
}

@online{Laserlink.6,
	journaltitle = {Black Box}, 
	title = {Laserlink}, 
	url = {https://www.blackbox.dk/da-dk/Page/20302/Loesninger/laserlink/}
}