@online{enocean.1,
	author = {EnOcean},
	title = {EnOcean â€“ The World of Energy Harvesting Wireless Technology},
	year = {2015},
	url = {https://www.enocean.com/fileadmin/redaktion/pdf/white_paper/White_Paper_Getting_Started_With_EnOcean.pdf},
	urldate = {2016-05-16},
}

@online{enocean.2,
	author = {Unbekannt},
	title = {EnOcean ECO200 Bild},
	year = {2016},
	url = {https://upload.wikimedia.org/wikipedia/commons/2/2d/EnOcean_ECO200_white.jpg},
	urldate = {2016-05-15},
}

@online{enocean.3,
	author = {Unbekannt},
	title = {EnOcean STM310 Bild},
	year = {2016},
	url = {https://upload.wikimedia.org/wikipedia/commons/5/50/EnOcean_STM310_mit_Solarzelle_white.jpg},
	urldate = {2016-05-15},
}

@online{enocean.4,
	author = {Unbekannt},
	title = {Peltier-Element},
	year = {2016},
	url = {https://de.wikipedia.org/wiki/Peltier-Element},
	urldate = {2016-05-16},
}

@online{enocean.5,
	author = {Unbekannt},
	title = {EnOcean ECT310 Bild},
	year = {2016},
	url = {https://upload.wikimedia.org/wikipedia/commons/4/42/EnOcean_ECT310.jpg},
	urldate = {2016-05-15},
}

@online{enocean.6,
	author = {EnOcean},
	title = {ERP2},
	year = {2016},
	url = {http://www.enocean.com/erp2/},
	urldate = {2016-05-16},
}

@online{enocean.7,
	author = {Unbekannt},
	title = {Rollingcode},
	year = {2016},
	url = {https://de.wikipedia.org/wiki/Rollingcode},
	urldate = {2016-05-16},
}

@online{enocean.8,
	author = {EnOcean},
	title = {Whitepaper Internet of Things EnOcean},
	year = {2016},
	url = {https://www.enocean.com/fileadmin/redaktion/pdf/white_paper/White_Paper_Internet_of_Things_EnOcean.pdf},
	urldate = {2016-05-16},
}

@online{enocean.9,
	author = {EnOcean},
	title = {EnOcean Standardisierung},
	year = {2016},
	url = {https://www.enocean-alliance.org/de/enocean_standard/},
	urldate = {2016-05-16},
}
