@book{bluetooth3.0.1,
	author = {Martin Sauter},
	title = {Grundkurs Mobile Kommunikationssystem},
	year = {2015},
	isbn = {978-3-658-08341-0},
}

@online{bluetooth3.0.2,
	author = {Rudi Latuske},
	title = {Bluetooth 2.1/3.0, Bluetooth Profile und Bluetooth Low Energy},
	year = {2009},
	url = {http://www.funkschau.de/fileadmin/media/whitepaper/files/Bluetooth_2.1-3.0-LE-Profiles__ARTIKEL.pdf},
	urldate = {2016-04-12},
}

@online{bluetooth3.0.3,
	author = {Dr.-Ing Maik Debes, M.Sc. Markus Hager, Dipl.-Ing Karsten Renhak},
	title = {Praktikumsversuch Bluetooth},
	year = {2015},
	url = {http://zack1.e-technik.tu-ilmenau.de/~webkn/Praktikum/BT-PRAKTIKUM/Bluetooth-Praktikum.pdf},
	urldate = {2016-04-12},
}

@online{bluetooth3.0.4,
	author = {Medin Imamovic},
	title = {Bluetooth, Probeseminar Kryptographische Protokolle SS 2009},
	year = {2009},
	url = {https://www7.in.tum.de/um/courses/seminar/krypto/SS09/medin/ausarbeitung.pdf},
	urldate = {2016-04-12},
}

@online{bluetooth3.0.5,
	author = {Wikipedia},
	title = {Bluetooth},
	year = {05.04.2016},
	url = {https://de.wikipedia.org/wiki/Bluetooth#.C3.84ltere_Bluetooth-Versionen},
	urldate = {2016-04-12},
}

@online{bluetooth3.0.6,
	author = {Bluetooth SIG},
	title = {Bluetooth High Speed},
	url = {https://www.bluetooth.com/what-is-bluetooth-technology/bluetooth-technology-basics/bluetooth-high-speed},
	urldate = {2016-04-12},
}

@online{bluetooth3.0.7,
	author = {Dr.-Ing Maik Debes, M.Sc. Markus Hager, Dipl.-Ing Karsten Renhak},
	title = {Praktikumsversuch Bluetooth},
	year = {2015},
	url = {http://zack1.e-technik.tu-ilmenau.de/~webkn/Praktikum/BT-PRAKTIKUM/Bluetooth-Praktikum.pdf},
	urldate = {2016-04-12},
}
