@online{4GLTE.1,
	journaltitle = {Informationszentrum-mobilfunk.de},
	title = {Mobilfunk der 4. Generation (4G): LTE},
	year = {Dezember 2015},
	url = {http://informationszentrum-mobilfunk.de/mobilfunk-der-4-generation-4g-lte#header},
}

@online{4GLTE.2,
	journaltitle = {Elektronik Kompendium},
	title = {LTE-Netzarchitektur},
	url = {http://www.elektronik-kompendium.de/sites/kom/1608191.htm},
	
}

@online{4GLTE.3,
	journaltitle = {Elektronik Kompendium},
	title = {LTE - Long Term Evolution},
	url = {http://www.elektronik-kompendium.de/sites/kom/1301051.htm},
}

@online{4GLTE.4,
	journaltitle = {Elektronik Kompendium},
	title = {LTE-Netzarchitektur},
	url = {http://www.elektronik-kompendium.de/sites/kom/1608191.htm},
	
}

@article{4GLTE.5,
	journaltitle = {Wikipedia}, 
	title = {Long Term Evolution - Geschichte}, 
	url = {https://de.wikipedia.org/wiki/Long_Term_Evolution#Geschichte},
	update = {16.04.2016},
}

@online{4GLTE.6,
	journaltitle = {pcwelt}, 
	title = {Was bringt 4G und wo ist es schon verf√ºgbar?},
	year = 2015,
	url = {http://www.pcwelt.de/ratgeber/Was-bringt-4G-und-wo-ist-es-schon-verfuegbar-4G-363332.html},
}

@online {4GLTE.7,
	journaltitle = {Wikipedia}, 
	title = {Long Term Evolution - Geschichte}, 
	url = {https://de.wikipedia.org/wiki/Long_Term_Evolution#Geschichte},
	update = {16.04.2016},
}

