@online{nfc.1,
	url = {https://de.wikipedia.org/wiki/Near_Field_Communication},
	urldate = {07.04.2016},
}
@online{nfc.2,
	url = {http://www.elektronik-kompendium.de/sites/kom/1107181.htm},
	urldate = {07.04.2016},
}
@book{nfc.3,
	author = {K. R. Venugopal, L. M. Patnaik},
	title = {Wireless Networks and Computational Intelligence},
	year = 2012,
	isbn = {3642316859},
}
@book{nfc.4,
	author = {Josef Langer},
	title = {Anwendungen und Technik von Near Field Communication (NFC)},
	year = 2010,
	isbn = {364205496X},
}
@online{nfc.5,
	url = {http://www.nearfieldcommunication.org/how-it-works.html},
	urldate = {07.04.2016},
}
@online{nfc.6,
	url = {http://www.nearfieldcommunication.org/technology.html},
	urldate = {07.04.2016},
}
@online{nfc.7,
	url = {https://de.wikipedia.org/wiki/Induktive_%C3%9Cbertragung#Magnetische_Kopplung_f.C3.BCr_den_RFID-Einsatz},
	urldate = {07.04.2016},
}
@online{nfc.8,
	url = {http://ww1.microchip.com/downloads/en/AppNotes/00680b.pdf},
	urldate = {07.04.2016},
}
@online{nfc.9,
	url = {https://de.wikipedia.org/wiki/RFID},
	urldate = {07.04.2016},
}
@online{nfc.10,
	url = {http://www.nearfieldcommunication.org/business-benefits.html},
	urldate = {07.04.2016},
}
@online{nfc.11,
	url = {http://www.nearfieldcommunication.org/current-trends.html},
	urldate = {07.04.2016},
}
@online{nfc.12,
	url = {http://www.itwissen.info/definition/lexikon/NFC-Forum-NFC-forum.html},
	urldate = {07.04.2016},
}

}

