@online{wmx.1,
	author = {IT-Wissen},
	title = {WiMAX (wordwide interoperability for microwave access)},
	year = {2016},
	url = {http://goo.gl/6R6GZH},
	urldate = {2016-05-19},
}


@online{wmx.2,
	author = {Elektronik-Kompendium},
	title = {IEEE 802.16 / WiMAX},
	year = {2016},
	url = {http://www.elektronik-kompendium.de/sites/net/0904211.htm},
	urldate = {2016-05-19},
}

@online{wmx.3,
	author = {Kai Petzke and Marie-Anne Winter and Susanne Kirchhoff and Ralf Trautmann},
	title = {WiMAX: Vom Hype zur Nischen-Technologie},
	year = {2015},
	url = {http://www.teltarif.de/i/wimax.html},
	urldate = {2016-05-19},
}

@online{wmx.4,
	author = {Wikipedia},
	title = {WiMAX},
	year = {2016},
	url = {https://de.wikipedia.org/wiki/WiMAX},
	urldate = {2016-05-19},
}

@online{wmx.5,
	author = {Wikipedia},
	title = {Digital Subscriber Line},
	year = {2016},
	url = {https://de.wikipedia.org/wiki/Digital_Subscriber_Line},
	urldate = {2016-05-20},
}

@online{wmx.6,
	author = {LTE-Anbieter-Info},
	title = {Wie die mobile Datenübertragung laufen lernte - die Mobilfunk Geschichte vom A-Netz bis LTE},
	year = {2016},
	url = {http://www.lte-anbieter.info/lte-geschichte.php},
	urldate = {2016-05-20},
}

@online{wmx.7,
	author = {Wikipedia},
	title = {Long Term Evolution},
	year = {2016},
	url = {https://de.wikipedia.org/wiki/Long_Term_Evolution},
	urldate = {2016-05-20},
}

@online{wmx.8,
	author = {Tutorial Reports},
	title = {WiMax Protocol},
	year = {2013},
	url = {http://www.tutorial-reports.com/wireless/wimax/protocol.php},
	urldate = {2016-05-20},
}

@online{wmx.9,
	author = {Wikipedia},
	title = {WiMAX-Forum},
	year = {2015},
	url = {https://de.wikipedia.org/wiki/WiMAX-Forum},
	urldate = {2016-05-20},
}

@online{wmx.10,
	author = {IT-Wissen},
	title = {Handover},
	year = {2016},
	url = {http://goo.gl/m0NOC1},
	urldate = {2016-05-20},
}

@online{wmx.11,
	author = {Wikipedia},
	title = {IPsec},
	year = {2015},
	url = {https://en.wikipedia.org/wiki/IPsec},
	urldate = {2016-05-20},
}

@online{wmx.12,
	author = {Elektronik-Kompendium},
	title = {MIMO - Multiple Input Multiple Output},
	year = {2016},
	url = {http://www.elektronik-kompendium.de/sites/net/1004251.htm},
	urldate = {2016-05-20},
}

@online{wmx.13,
	author = {IT-Wissen},
	title = {DFS (dynamic frequency selection)},
	year = {2016},
	url = {http://goo.gl/qQNwfV},
	urldate = {2016-05-20},
}

@online{wmx.14,
	author = {WiMo},
	title = {PA-3500 WiMAX Richtantenne},
	year = {2016},
	url = {http://www.wimo.com/bilder/18033-18-web-klein.jpg},
	urldate = {2016-05-20},
}

@misc {wmx.15,
	author = {Misc, wenn gar nichts mehr geht},
	title = {Ist eine Fallbackstrategy für BibeTex},
	year = {2065},
	note = {Die wichtigsten Informationen sollten trotzdem angegeben werden.},
}
