@onlinel{BLE.1,
	author = {Jens Weimann},
	title = {Seminar Informatik - Bluetooth - IEEE 802.15.1},
	year = {2014},
	url = {http://www.nt.th-koeln.de/fachgebiete/inf/nissen/sif/Weimann_Bericht.pdf}
}

@online{BLE.2,
	title = {Bluetooth Smart Logo},
	url = {https://upload.wikimedia.org/wikipedia/en/thumb/2/20/Bluetooth_Smart_Logo.svg/1024px-Bluetooth_Smart_Logo.svg.png}
}

@online{BLE.3,
	title = {Bluetooth SIG Logo},
	url = {http://blog.bluetooth.com/wordpress/wp-content/uploads/2014/07/BluetoothSIGLogo.jpg}
}

@online{BLE.4,
	title = {Bluetooth}, 
	url = {https://de.wikipedia.org/wiki/Bluetooth},
	date = {05.04.2016}
}


