@online{dect.1,
	author = {Elektronik-Kompendium},
	title = {DECT - Digital Enhanced Cordless Telecommunications},
	url = {http://www.elektronik-kompendium.de/sites/kom/0505231.htm},
	urldate = {2016-04-13},
}
@online{dect.2,
	author = {Elektronik-Kompendium},
	title = {DECT-over-IP},
	url = {http://www.elektronik-kompendium.de/sites/net/0904221.htm},
	urldate = {2016-04-13},
}
@online{dect.3,
	author = {Elektronik-Kompendium},
	title = {DECT CAT-iq},
	url = {http://www.elektronik-kompendium.de/sites/kom/1205151.htm},
	urldate = {2016-04-13},
}
@online{dect.4,
	author = {Wikipedia},
	title = {Digital Enhanced Cordless Telecommunications},
	year = {2016},
	url = {https://de.wikipedia.org/wiki/Digital_Enhanced_Cordless_Telecommunications},
	urldate = {2016-04-13},
}
@online{dect.5,
	author = {ETSI},
	title = {DECT},
	url = {http://www.etsi.org/index.php/technologies-clusters/technologies/dect},
	urldate = {2016-04-13},
}
@online{dect.6,
	author = {Elektronik-Kompendium},
	title = {Voice over WLAN - VoWLAN},
	url = {http://www.elektronik-kompendium.de/sites/kom/0911011.htm},
	urldate = {2016-04-13},
}
@online{dect.7,
	author = {Funkschau},
	title = {Dect oder Voice-over-WLAN},
	year = {2015},
	url = {http://www.funkschau.de/mobile-solutions/artikel/123176/},
	urldate = {2016-04-13},
}
@online{dect.8,
	author = {AVM Computersysteme Vertriebs GmbH},
	title = {FRITZ!Box 7490},
	year = {2015},
	url = {http://www.funkschau.de/mobile-solutions/artikel/123176/},
	urldate = {2016-04-14},
}

@online{dect.9,
	author = {Gordon Hölsken},
	title = {Was ist eigentlich mit DECT?-Aktuelles und Hintergründe zu DECT Teil 1.},
	url = {http://www.teltarif.de/arch/2004/kw20/x7817.html},
	urldate = {2016-04-18},
}
