@article{hparticle,
	author = {Iain Millar et al.}, 
	title = {The IrDA-Standards for High-Speed Infrared Communications}, 
	journaltitle = {The Hewlett-Packard Journal}, 
	date = {16.04.2016},
}

@online{wikipediade,
	author = {Unbekannt},
	title = {Infrared Data Association - Wikipedia},
	year = {2016},
	url = {https://de.wikipedia.org/wiki/LaTeX},
	urldate = {15.04.2016},
}

@online{wikipediaen,
	author = {Unbekannt}, 
	title = {Infrared Data Association - Wikipedia}, 
  year = {2016},
	url = {https://en.wikipedia.org/wiki/LaTeX},
	urldate = {16.04.2016},
}

@online{irda,
	author = {Infrared Data Association}, 
	title = {Infrared Data Association}, 
  year = {2011},
	url = {http://irda.org},
	urldate = {16.04.2016},
}

@online{irdahistory,
	author = {Vishay Semiconductors}, 
	title = {Infrared Data Communication According to IrDA Standard}, 
  year = {2016},
	url = {http://www.vishay.com/docs/82513/physical.pdf},
	urldate = {16.04.2016},
}

@online{irdagiga,
  author = {Infrared Data Association},
  title = {IrDA Creates a New Working Group to Accomplish 5 and 10 Gigabit Optical Wireless Communications},
  year = {2011},
  url = {http://www.prweb.com/releases/2011/12/prweb9048089.htm},
  urldate = {16.04.2016},
}

@article{irdamarketing,
	author = {Infrared Data Association}, 
	title = {IrDA Marketing Requirementsâ€”Basis for the IrDA Technical Standards},
  year = 1993,
	date = {10.02.2016},
}
