
@online{lifi.1,
	author = {Unbekannt},
	title = {LiFi-Konsortium},
	year = {2016},
	url = {http://www.lificonsortium.org/index.html},
	urldate = {2016-05-08},
}


@online{lifi.2,
	author = {Unbekannt},
	title = {pureLiFi},
	year = {2016},
	url = {http://purelifi.com/},
	urldate = {2016-05-08},
}
