@book{zigbee.1,
	author = {Markus Krause und Rainer Konrad},
	title = {Drahtlose ZigBee-Netzwerke},
	year = {2014},
	isbn = {978-3-658-05820-3},
}

@online{zigbee.2,
	author = {ZigBee Alliance},
	title = {What is ZigBee?},
	year = {2016},
	url = {http://www.zigbee.org/what-is-zigbee/},
	urldate = {2016-03-30}
}

@book{zigbee.3,
	author = {Markus Krause und Rainer Konrad},
	title = {Drahtlose ZigBee-Netzwerke},
	year = {2014},
	isbn = {978-3-658-05820-3},
}

@book{zigbee.4,
	author = {Markus Krause und Rainer Konrad},
	title = {Drahtlose ZigBee-Netzwerke},
	year = {2014},
	isbn = {978-3-658-05820-3},
}

@online{zigbee.5,
	author = {Unbekannt},
	title = {Zigbee overview},
	year = {2016},
	url = {http://www.zigbees.com/},
	urldate = {2016-04-01}
}

@online{zigbee.6,
	author = {Manuel Schreiber},
	title = {Die smarte Biene f√ºrs Heim},
	year = {2016},
	url = {http://www.chip.de/artikel/ZigBee-kaufen-Die-besten-ZigBee-Geraete-fuer-den-Einstieg_86087740.html/},
	urldate = {2016-04-05}
}

@online{zigbee.7,
	author = {Philips},
	title = {Philips Hue White E27 Starter Set},
	year = {2016},
	url = {http://www2.meethue.com/de-de/productdetail/philips-hue-white-sk-a19/},
	urldate = {2016-04-06}
}

@online{zigbee.8,
	author = {ZigBee Alliance},
	title = {The ZigBee Alliance - Control your world},
	year = {2016},
	url = {http://zigbee.org/},
	urldate = {2016-04-06}
}

@online{zigbee.9,
	author = {Von DaMutz aus der deutschsprachigen Wikipedia},
	title = {ZigBee},
	year = {2016},
	url = {https://commons.wikimedia.org/w/index.php?curid=30287727/},
	urldate = {2016-04-06}
}

@online{zigbee.10,
	author = {Aus der deutschsprachigen Wikipedia},
	title = {ZigBee},
	year = {2016},
	url = {https://de.wikipedia.org/wiki/ZigBee/},
	urldate = {2016-04-08}
}

@online{zigbee.11,
	author = {ZigBee Alliance},
	title = {Join the ZigBee Alliance and shape the future of the Internet of Things},
	year = {2016},
	url = {http://www.zigbee.org/zigbeealliance/join/},
	urldate = {2016-04-08}
}

@online{zigbee.12,
	author = {Daniel AJ Sokolov},
	title = {ZigBee macht Smart Home zum offenen Haus},
	year = {2016},
	url = {http://www.heise.de/security/meldung/Deepsec-ZigBee-macht-Smart-Home-zum-offenen-Haus-3010287.html},
	urldate = {2016-04-11}
}

@online{zigbee.13,
	author = {Aus der deutschsprachigen Wikipedia},
	title = {ZigBee},
	year = {2016},
	url = {https://de.wikipedia.org/wiki/ZigBee/},
	urldate = {2016-04-12}
}


